%% This BibTeX bibliography file was created using BibDesk.
%% https://bibdesk.sourceforge.io/

%% Created for Josiah at 2023-01-07 18:01:17 -0500 


%% Saved with string encoding Unicode (UTF-8) 

@incollection{caianiello2018prolegomena,
	author = {Caianiello, Silvia},
	booktitle = {Biological Robustness},
	pages = {23--54},
	publisher = {Springer},
	title = {{Prolegomena to a History of Robustness}},
	year = {2018}}

@book{gu2005robust,
  title={{Robust Control Design with MATLAB}},
  author={Gu, Da-Wei and Petkov, Petko and Konstantinov, Mihail M},
  year={2005},
  publisher={Springer Science \& Business Media}
}

@article{balas2007robust,
  title={{Robust Control Toolbox Userâ€™s Guide}},
  author={Balas, Gary and Chiang, Richard and Packard, Andy and Safonov, Michael},
  journal={The MathWorks, Inc., Tech. Rep},
  year={2007}
}

@article{kalman1994randomness,
  title={{``Randomness Reexamined''}},
  author={Kalman, Rudolf},
  journal={Modeling, Identification and Control},
  volume={15},
  number={3},
  pages={141--151},
  year={1994},
  doi={10.4173/mic.1994.3.3},
  publisher={Norwegian Society of Automatic Control}
};

@article{sandberg1964frequency,
	author = {Sandberg, Irwin},
	journal = {Bell System Technical Journal},
	number = {4},
	pages = {1601--1608},
	publisher = {Wiley Online Library},
	title = {{``A Frequency-Domain Condition for the Stability of Feedback Systems Containing a Single Time-Varying Nonlinear Element''}},
	volume = {43},
	year = {1964}}

@article{zames1966input,
	author = {Zames, George},
	journal = {{IEEE Transactions on Automatic Control}},
	number = {2},
	pages = {228--238},
	publisher = {IEEE},
	title = {{``On the Input-Output Stability of Time-Varying Nonlinear Feedback Systems Part One: Conditions Derived Using Concepts of Loop Gain, Conicity, and Positivity''}},
	volume = {11},
	year = {1966}}

@article{safonov2012origins,
	author = {Safonov, Michael},
	journal = {{Annual Reviews in Control}},
	number = {2},
	pages = {173--181},
	publisher = {Elsevier},
	title = {{``Origins of Robust Control: Early History and Future Speculations''}},
	volume = {36},
	year = {2012}}

@article{safonov2018robust,
	author = {Safonov, Michael},
	journal = {{International Journal of Robust and Nonlinear Control}},
	number = {12},
	pages = {3667--3677},
	publisher = {Wiley Online Library},
	title = {{``Robust Control: Fooled by Assumptions''}},
	volume = {28},
	year = {2018}}

@article{safonov1977gain,
  title={{``Gain and Phase Margin for Multiloop LQG Regulators''}},
  author={Safonov, Michael and Athans, Michael},
  journal={IEEE Transactions on Automatic Control},
  volume={22},
  number={2},
  pages={173--179},
  year={1977},
  publisher={IEEE}
}

@article{doyle1978guaranteed,
	author = {Doyle, John},
	date-modified = {2023-01-07 17:57:15 -0500},
	journal = {{IEEE Transactions on Automatic Control}},
	number = {4},
	pages = {756--757},
	publisher = {IEEE},
	title = {{``Guaranteed Margins for LQG Regulators''}},
	volume = {23},
	year = {1978}}

@article{freudenberg1985right,
	author = {Freudenberg, James and Looze, Douglas},
	journal = {{IEEE Transactions on Automatic Control}},
	number = {6},
	pages = {555--565},
	publisher = {IEEE},
	title = {{``Right Half Plane Poles and Zeros and Design Tradeoffs in Feedback Systems''}},
	volume = {30},
	year = {1985}}

@article{stein2003respect,
	author = {Stein, Gunter},
	journal = {{IEEE Control Systems Magazine}},
	number = {4},
	pages = {12--25},
	publisher = {IEEE},
	title = {{``Respect the Unstable''}},
	volume = {23},
	year = {2003}}

@article{doyle1981multivariable,
	author = {Doyle, John and Stein, Gunter},
	journal = {{IEEE transactions on Automatic Control}},
	number = {1},
	pages = {4--16},
	publisher = {IEEE},
	title = {{``Multivariable Feedback Design: Concepts for a Classical/Modern Synthesis''}},
	volume = {26},
	year = {1981}}

@article{emami2019bode,
	author = {Emami-Naeini, Abbas and de Roover, Dick},
	journal = {arXiv preprint arXiv:1903.01225},
	title = {{``Bode's Sensitivity Integral Constraints: The Waterbed Effect in Discrete Time''}},
	year = {2019}}

@article{sung1988properties,
	author = {Sung, Hak-Kyung and Hara, Shinji},
	date-modified = {2023-01-07 18:00:03 -0500},
	journal = {{International Journal of Control}},
	number = {6},
	pages = {2429--2439},
	publisher = {Taylor \& Francis},
	title = {{``Properties of Sensitivity and Complementary Sensitivity Functions in Single-Input Single-Output Digital Control Systems''}},
	volume = {48},
	year = {1988}}

@article{sung1989properties,
	author = {Sung, Hak-Kyung and Hara, Shinji},
	date-modified = {2023-01-07 17:59:37 -0500},
	journal = {{International Journal of Control}},
	number = {4},
	pages = {1283--1295},
	publisher = {Taylor \& Francis},
	title = {{``Properties of Complementary Sensitivity Function in SISO Digital Control Systems''}},
	volume = {50},
	year = {1989}}

@article{hara1989constraints,
	author = {Hara, Shinji and Sung, Hak-kyung},
	date-modified = {2023-01-07 17:56:35 -0500},
	journal = {{Linear Algebra and its Applications}},
	pages = {889--919},
	publisher = {Elsevier},
	title = {{``Constraints on Sensitivity Characteristics in Linear Multivariable Discrete-Time Control Systems''}},
	volume = {122},
	year = {1989}}

@inproceedings{mohtadi1990bode,
	author = {Mohtadi, Coorous},
	booktitle = {IEE Proceedings D (Control Theory and Applications)},
	date-modified = {2023-01-07 17:55:11 -0500},
	number = {2},
	organization = {IET},
	pages = {57--66},
	title = {{``Bode's Integral Theorem for Discrete-Time Systems''}},
	volume = {137},
	year = {1990}}

@book{skogestad2005multivariable,
	author = {Skogestad, Sigurd and Postlethwaite, Ian},
	publisher = {john Wiley \& sons},
	title = {{Multivariable Feedback Control: Analysis and Design}},
	year = {2005}}

@inproceedings{chen1997logarithmic,
	author = {Chen, Jie},
	booktitle = {{Proceedings of the 36th IEEE Conference on Decision and Control}},
	date-modified = {2023-01-07 17:59:07 -0500},
	organization = {IEEE},
	pages = {3620--3625},
	title = {{``On Logarithmic Integrals and Performance Bounds for MIMO Systems. I. Sensitivity Integral Inequalities''}},
	volume = {4},
	year = {1997}}

@inproceedings{chen1998logarithmic,
	author = {Chen, Jie},
	booktitle = {{Proceedings of the 1998 American Control Conference. ACC (IEEE Cat. No. 98CH36207)}},
	date-modified = {2023-01-07 17:58:37 -0500},
	organization = {IEEE},
	pages = {3529--3530},
	title = {{``On Logarithmic Complementary Sensitivity Integrals for MIMO Systems''}},
	volume = {6},
	year = {1998}}

@article{chen2000logarithmic,
	author = {Chen, Jie},
	date-modified = {2023-01-07 17:58:08 -0500},
	journal = {{IEEE Transactions on Automatic Control}},
	number = {6},
	pages = {1098--1115},
	publisher = {IEEE},
	title = {{``Logarithmic Integrals, Interpolation Bounds, and Performance Limitations in MIMO Feedback Systems''}},
	volume = {45},
	year = {2000}}

@book{boyd1991linear,
	author = {Boyd, Stephen and Barratt, Craig},
	date-modified = {2023-01-07 17:57:44 -0500},
	publisher = {Citeseer},
	title = {{Linear Controller Design: Limits of Performance}},
	volume = {7},
	year = {1991}}

@book{freudenberg1988frequency,
	author = {Freudenberg, James and Looze, Douglas},
	date-modified = {2023-01-07 17:57:01 -0500},
	publisher = {Springer},
	title = {{Frequency Domain Properties of Scalar and Multivariable Feedback Systems}},
	year = {1988}}

@inproceedings{leong2016understanding,
	author = {Leong, Yoke Peng and Doyle, John},
	booktitle = {{2016 IEEE 55th Conference on Decision and Control (CDC)}},
	date-modified = {2023-01-07 18:01:02 -0500},
	organization = {IEEE},
	pages = {1508--1514},
	title = {{``Understanding Robust Control Theory via Stick Balancing''}},
	year = {2016}}

@article{doyle2011universal,
	author = {Doyle, John},
	date-modified = {2023-01-07 18:01:11 -0500},
	journal = {CDS 212 Lect. Notes},
	title = {{``Universal Laws and Architectures''}},
	year = {2011}}

@article{doyle2017universal,
	author = {Doyle, John},
	title = {{``Universal Laws and Architectures for Complex Networks''}},
	year = {2017}}

@article{safonov1981multiloop,
	author = {Safonov, Michael and Athans, Michael},
	journal = {{IEEE Transactions on Automatic Control}},
	number = {2},
	pages = {415--422},
	publisher = {IEEE},
	title = {{``A Multiloop Generalization of the Circle Criterion for Stability Margin Analysis''}},
	volume = {26},
	year = {1981}}

@article{seiler2020introduction,
	author = {Seiler, Peter and Packard, Andrew and Gahinet, Pascal},
	journal = {{IEEE Control Systems Magazine}},
	number = {5},
	pages = {78--95},
	publisher = {IEEE},
	title = {{``An Introduction to Disk Margins [Lecture Notes]''}},
	volume = {40},
	year = {2020}}

@article{safonov1981feedback,
	author = {Safonov, Michael and Laub, Alan and Hartmann, Gary},
	journal = {{IEEE Transactions on Automatic Control}},
	number = {1},
	pages = {47--65},
	publisher = {IEEE},
	title = {{``Feedback Properties of Multivariable Systems: The Role and Use of the Return Difference Matrix''}},
	volume = {26},
	year = {1981}}

@article{doyle1991review,
	author = {Doyle, John and Packard, Andy and Zhou, Kemin},
	publisher = {IEEE},
	title = {{``Review of LFTs, LMIs, and $\mu$''}},
	year = {1991}}

@inproceedings{doyle1988state,
	author = {Doyle, John and Glover, Keith and Khargonekar, Pramod and Francis, Bruce},
	booktitle = {{1988 American Control Conference}},
	date-modified = {2023-01-07 18:00:46 -0500},
	organization = {IEEE},
	pages = {1691--1696},
	title = {{``State-Space Solutions to Standard $\mathcal{H}_{2}$ and $\mathcal{H}_{\infty}$ Control Problems''}},
	year = {1988}}

@article{zames1981feedback,
	author = {Zames, George},
	journal = {{IEEE Transactions on Automatic Control}},
	number = {2},
	pages = {301--320},
	publisher = {IEEE},
	title = {{``Feedback and Optimal Sensitivity: Model Reference Transformations, Multiplicative Seminorms, and Approximate Inverses''}},
	volume = {26},
	year = {1981}}

@inproceedings{deodhare1998modern,
	author = {Deodhare, Girish and Patel, Vijay},
	booktitle = {{Guidance, Navigation, and Control Conference and Exhibit}},
	pages = {4134},
	title = {{``A ``Modern'' Look at Gain and Phase Margins - An $\mathcal{H}_{\infty}$/$\mu$ Approach''}},
	year = {1998}}

@article{iglesias1991state,
	author = {Iglesias, Pablo A and Glover, Keith},
	journal = {{International Journal of Control}},
	number = {5},
	pages = {1031--1073},
	publisher = {Taylor \& Francis},
	title = {{``State-Space Approach to Discrete-Time, $\mathcal{H}_{\infty}$ Control''}},
	volume = {54},
	year = {1991}}

@article{toivonen1995lecture,
	author = {Toivonen, Hannu},
	journal = {Available at: {users.abo.fi/htoivone/courses/robust/hsem.pdf}},
	title = {{``Lecture Notes on Robust Control by State-Space Methods''}},
	year = {1995}}

@article{megretski1997system,
	author = {Megretski, Alexandre and Rantzer, Anders},
	journal = {{IEEE Transactions on Automatic Control}},
	number = {6},
	pages = {819--830},
	publisher = {IEEE},
	title = {{``System Analysis via Integral Quadratic Constraints''}},
	volume = {42},
	year = {1997}}

@article{kuvcera2007$\mathcal{H}_{2}$,
	author = {Ku{\v{c}}era, Vladim\'{\i}r},
	journal = {{International Journal of Control}},
	number = {5},
	pages = {800--815},
	publisher = {Taylor \& Francis},
	title = {{``The $\mathcal{H}_{2}$ Control Problem: A General Transfer-Function Solution''}},
	volume = {80},
	year = {2007}}

@article{mahtout2020advances,
	author = {Mahtout, Imane and Navas, Francisco and Milan{\'e}s, Vicente and Nashashibi, Fawzi},
	journal = {{Annual Reviews in Control}},
	pages = {81--94},
	publisher = {Elsevier},
	title = {{``Advances in Youla-Kucera Parametrization: A Review''}},
	volume = {49},
	year = {2020}}

@inproceedings{limebeer1989discrete,
	author = {Limebeer, David and Green, Michael and Walker, Daniel},
	booktitle = {{Proceedings of the 28th IEEE Conference on Decision and Control}},
	organization = {IEEE},
	pages = {392--396},
	title = {{``Discrete-Time $\mathcal{H}_{\infty}$ Control''}},
	year = {1989}}

@inproceedings{basar1989dynamic,
	author = {Ba{\c{s}}ar, Tamer},
	booktitle = {{Proceedings of the 28th IEEE Conference on Decision and Control}},
	organization = {IEEE},
	pages = {407--414},
	title = {{``A Dynamic Games Approach to Controller Design: Disturbance Rejection in Discrete Time''}},
	year = {1989}}

@book{bacsar2008h,
	author = {Ba{\c{s}}ar, Tamer and Bernhard, Pierre},
	publisher = {Springer Science \& Business Media},
	title = {{$\mathcal{H}_{\infty}$ Optimal Control and Related Minimax Design Problems: A Dynamic Game Approach}},
	year = {2008}}

@article{rhee1991game,
	author = {Rhee, Ihnseok and Speyer, Jason},
	journal = {{IEEE Transactions on Automatic Control}},
	number = {9},
	pages = {1021--1032},
	publisher = {IEEE},
	title = {{``A Game-Theoretic Approach to a Finite-Time Disturbance Attenuation Problem''}},
	volume = {36},
	year = {1991}}

@inproceedings{lee1990interconnections,
	author = {Lee, Lea-Hwang and Goodwin, Graham and Kolodziej, Wojtek},
	booktitle = {{29th IEEE Conference on Decision and Control}},
	organization = {IEEE},
	pages = {2425--2430},
	title = {{``Interconnections Between Continuous and Discrete Games with Applications to $\mathcal{H}_{\infty}$''}},
	year = {1990}}

@article{bernhard1991lecture,
	author = {Bernhard, Pierre},
	journal = {Preprint},
	title = {{``A Lecture on the Game Theoretic Approach to $\mathcal{H}_{\infty}$ Optimal Control''}},
	year = {1991}}

@techreport{berkenkamp2015derivation,
	author = {Berkenkamp, Felix and Schoellig, Angela},
	institution = {ETH Zurich},
	title = {{``Derivation of a Linear, Robust $\mathcal{H}_{2}$ Controller for Systems with Parametric Uncertainty''}},
	year = {2015}}

@inproceedings{berkenkamp2015safe,
	author = {Berkenkamp, Felix and Schoellig, Angela},
	booktitle = {{2015 European Control Conference (ECC)}},
	organization = {IEEE},
	pages = {2496--2501},
	title = {{``Safe and Robust Learning Control with Gaussian Processes''}},
	year = {2015}}

@article{mustafa1991lqg,
	author = {Mustafa, Denis and Bernstein, Dennis},
	journal = {{Transactions of the Institute of Measurement and Control}},
	number = {5},
	pages = {269--275},
	publisher = {Sage Publications Sage CA: Thousand Oaks, CA},
	title = {{``LQG Cost Bounds in Discrete-Time $\mathcal{H}_{2}$/$\mathcal{H}_{\infty}$ Control''}},
	volume = {13},
	year = {1991}}

@article{haddad1990generalized,
	author = {Haddad, Wassim and Bernstein, Dennis},
	journal = {{Systems \& Control Letters}},
	number = {3},
	pages = {185--197},
	publisher = {Elsevier},
	title = {{``Generalized Riccati Equations for the Full- and Reduced-Order Mixed-norm $\mathcal{H}_{2}$/$\mathcal{H}_{\infty}$ Standard Problem''}},
	volume = {14},
	year = {1990}}

@article{haddad1991mixed,
	author = {Haddad, Wassim and Bernstein, Dennis and Mustafa, Dennis},
	journal = {{Systems \& Control Letters}},
	number = {4},
	pages = {235--247},
	publisher = {Elsevier},
	title = {{``Mixed-norm $\mathcal{H}_{2}$/$\mathcal{H}_{\infty}$ Regulation and Estimation: The Discrete-Time Case''}},
	volume = {16},
	year = {1991}}

@article{zhang2020$\mathcal{H}_{2}$,
	author = {Zhang, Xiangyuan},
	title = {{``$\mathcal{H}_{2}$ Linear Control with $\mathcal{H}_{\infty}$ Robustness Guarantee: A Game-Theoretic Approach''}},
	year = {2020}}

@inproceedings{feng2009solving,
	author = {Feng, Yantao and Anderson, Brian and Chen, Weitian},
	booktitle = {{2009 48th IEEE Conference on Decision and Control (CDC)}},
	organization = {IEEE},
	pages = {1720--1724},
	title = {{Solving Discrete Algebraic Riccati Equations: A New Recursive Method}},
	year = {2009}}

@article{zhou1988robust,
	author = {Zhou, Kemin and Khargonekar, Pramod},
	journal = {{Systems \& Control Letters}},
	number = {1},
	pages = {17--20},
	publisher = {Elsevier},
	title = {{``Robust Stabilization of Linear Systems with Norm-Bounded Time-Varying Uncertainty''}},
	volume = {10},
	year = {1988}}

@article{garcia1994robust,
	author = {Garcia, Germain and Arzelier, Denis},
	journal = {{Systems \& Control Letters}},
	number = {5},
	pages = {327--339},
	publisher = {Elsevier},
	title = {{``Robust Stabilization of Discrete-Time Linear Systems with Norm-Bounded Time-Varying Uncertainty''}},
	volume = {22},
	year = {1994}}

@article{chen1994non,
	author = {Chen, Ben and Saberi, Ali and Shamash, Yacov},
	journal = {{International Journal of Robust and Nonlinear Control}},
	number = {4},
	pages = {503--519},
	publisher = {Wiley Online Library},
	title = {{``A Non-recursive Method for Solving the General Discrete-Time Riccati Equations Related to the $\mathcal{H}_{\infty}$ Control Problem''}},
	volume = {4},
	year = {1994}}

@article{rojas2011discrete,
	author = {Rojas, Alejandro},
	journal = {{IFAC Proceedings Volumes}},
	number = {1},
	pages = {162--167},
	publisher = {Elsevier},
	title = {{``On the Discrete-Time Algebraic Riccati Equation and its Solution in Closed-Form''}},
	volume = {44},
	year = {2011}}

@article{takaba1996discrete,
	author = {Takaba, Kiyotsugu and Kataynam, Tohru},
	doi = {10.1080/00207179608921678},
	eprint = {https://doi.org/10.1080/00207179608921678},
	journal = {{International Journal of Control}},
	number = {6},
	pages = {1129-1149},
	publisher = {Taylor & Francis},
	title = {{``Discrete-Time $\mathcal{H}_{\infty}$ Algebraic Riccati Equation and Parametrization of all $\mathcal{H}_{\infty}$ Filters''}},
	url = {https://doi.org/10.1080/00207179608921678},
	volume = {64},
	year = {1996}}

@article{pappas1980numerical,
	author = {Pappas, Thrasyvoulos and Laub, Alan and Sandell, Nils},
	journal = {{IEEE Transactions on Automatic Control}},
	number = {4},
	pages = {631--641},
	publisher = {IEEE},
	title = {{``On the Numerical Solution of the Discrete-Time Algebraic Riccati Equation''}},
	volume = {25},
	year = {1980}}

@article{vaughan1969negative,
	author = {Vaughan, David},
	journal = {{IEEE Transactions on Automatic Control}},
	number = {1},
	pages = {72--75},
	publisher = {IEEE},
	title = {{``A Negative Exponential Solution for the Matrix Riccati Equation''}},
	volume = {14},
	year = {1969}}

@article{vaughan1970nonrecursive,
	author = {Vaughan, David},
	journal = {{IEEE Transactions on Automatic Control}},
	number = {5},
	pages = {597--599},
	publisher = {IEEE},
	title = {{``A Non-recursive Algebraic Solution for the Discrete Riccati Equation''}},
	volume = {15},
	year = {1970}}

@article{laub1979schur,
	author = {Laub, Alan},
	journal = {{IEEE Transactions on Automatic Control}},
	number = {6},
	pages = {913--921},
	publisher = {IEEE},
	title = {{``A Schur Method for Solving Algebraic Riccati Equations''}},
	volume = {24},
	year = {1979}}

@article{gudmundsson1992scaling,
	author = {Gudmundsson, Thorkell and Kenney, Charles and Laub, Alan},
	journal = {{IEEE Transactions on Automatic Control}},
	number = {4},
	pages = {513--518},
	publisher = {IEEE},
	title = {{``Scaling of the Discrete-Time Algebraic Riccati Equation to Enhance Stability of the Schur Solution Method''}},
	volume = {37},
	year = {1992}}

@article{gardiner1986generalization,
	author = {Gardiner, Judith and Laub, Alan},
	journal = {{International Journal of Control}},
	number = {3},
	pages = {823--832},
	publisher = {Taylor \& Francis},
	title = {{``A Generalization of the Matrix-Sign-Function Solution for Algebraic Riccati Equations''}},
	volume = {44},
	year = {1986}}
