%% This BibTeX bibliography file was created using BibDesk.
%% https://bibdesk.sourceforge.io/

%% Created for Josiah at 2023-01-07 18:09:01 -0500 


%% Saved with string encoding Unicode (UTF-8) 

@article{anderson2019system,
	author = {Anderson, James and Doyle, John and Low, Steven and Matni, Nikolai},
	journal = {{Annual Reviews in Control}},
	pages = {364--393},
	publisher = {Elsevier},
	title = {{``System Level Synthesis''}},
	volume = {47},
	year = {2019}}

@inproceedings{wang2014localized,
	author = {Wang, Yuh-Shyang and Matni, Nikolai and Doyle, John},
	booktitle = {{53rd IEEE Conference on Decision and Control}},
	organization = {IEEE},
	pages = {1661--1668},
	title = {{``Localized LQR Optimal Control''}},
	year = {2014}}

@article{willems2005note,
	author = {Willems, Jan and Rapisarda, Paolo and Markovsky, Ivan and De Moor, Bart},
	journal = {{Systems \& Control Letters}},
	number = {4},
	pages = {325--329},
	publisher = {Elsevier},
	title = {{``A Note on Persistency of Excitation''}},
	volume = {54},
	year = {2005}}

@inproceedings{di2021confidence,
	author = {Di, Bolei and Lamperski, Andrew},
	booktitle = {{2021 American Control Conference (ACC)}},
	organization = {IEEE},
	pages = {2212--2217},
	title = {{``Confidence Bounds on Identification of Linear Systems with Multiplicative Noise''}},
	year = {2021}}

@inproceedings{smith1989model,
	author = {Smith, Roy and Doyle, John},
	booktitle = {{1989 American Control Conference}},
	date-modified = {2023-01-07 18:06:23 -0500},
	organization = {IEEE},
	pages = {1435--1440},
	title = {{``Model Invalidation: A Connection Between Robust Control and Identification''}},
	year = {1989}}

@article{bayard1992criterion,
	author = {Bayard, David and Yam, Yeung and Mettler, Edward},
	date-modified = {2023-01-07 18:02:10 -0500},
	journal = {{IEEE Transactions on Automatic Control}},
	number = {7},
	pages = {986--991},
	publisher = {IEEE},
	title = {{``A Criterion for Joint Optimization of Identification and Robust Control''}},
	volume = {37},
	year = {1992}}

@article{schrama1992accurate,
	author = {Schrama, Ruud},
	date-modified = {2023-01-07 18:02:27 -0500},
	journal = {{IEEE Transactions on Automatic Control}},
	number = {7},
	pages = {991--994},
	publisher = {IEEE},
	title = {{``Accurate Identification for Control: The Necessity of an Iterative Scheme''}},
	volume = {37},
	year = {1992}}

@article{de1997suboptimal,
	author = {De Callafon, Raymond and Van den Hof, Paul},
	date-modified = {2023-01-07 18:07:32 -0500},
	journal = {{Mathematical Modelling of Systems}},
	number = {1},
	pages = {77--101},
	publisher = {Taylor \& Francis},
	title = {{``Suboptimal Feedback Control by a Scheme of Iterative Identification and Control Design''}},
	volume = {3},
	year = {1997}}

@article{van2020data,
	author = {van Waarde, Henk and Mesbahi, Mehran},
	journal = {{IFAC-PapersOnLine}},
	number = {2},
	pages = {4234--4239},
	publisher = {Elsevier},
	title = {{``Data-Driven Parameterizations of Suboptimal LQR and $\mathcal{H}_{2}$ Controllers''}},
	volume = {53},
	year = {2020}}

@article{makila1995worst,
	author = {M{\"a}kil{\"a}, Pertti and Partington, Jonathan and Gustafsson, Tore},
	date-modified = {2023-01-07 18:08:55 -0500},
	journal = {{Automatica}},
	number = {12},
	pages = {1799--1819},
	publisher = {Elsevier},
	title = {{``Worst-Case Control-Relevant Identification''}},
	volume = {31},
	year = {1995}}

@article{mckelvey1996subspace,
	author = {McKelvey, Tomas and Ak{\c{c}}ay, H{\"u}seyin and Ljung, Lennart},
	date-modified = {2023-01-07 18:07:56 -0500},
	journal = {{IEEE Transactions on Automatic Control}},
	number = {7},
	pages = {960--979},
	publisher = {IEEE},
	title = {{``Subspace-Based Multivariable System Identification from Frequency Response Data''}},
	volume = {41},
	year = {1996}}

@article{qin2006overview,
	author = {Qin, Si-Zhao Joe},
	date-modified = {2023-01-07 18:03:25 -0500},
	journal = {{Computers \& Chemical Engineering}},
	number = {10-12},
	pages = {1502--1513},
	publisher = {Elsevier},
	title = {{``An Overview of Subspace Identification''}},
	volume = {30},
	year = {2006}}

@article{shin2020unifying,
	author = {Shin, Sungho and Lu, Qiugang and Zavala, Victor},
	journal = {arXiv preprint arXiv:2003.07410},
	title = {{``Unifying Theorems for Subspace Identification and Dynamic Mode Decomposition''}},
	year = {2020}}

@incollection{ljung1998system,
	author = {Ljung, Lennart},
	booktitle = {Signal Analysis and Prediction},
	date-modified = {2023-01-07 18:08:06 -0500},
	pages = {163--173},
	publisher = {Springer},
	title = {{System Identification}},
	year = {1998}}

@article{ljung1987theory,
	author = {Ljung, Lennart},
	date-modified = {2023-01-07 18:08:25 -0500},
	journal = {System Identification},
	publisher = {Prentice-Hall, Inc.},
	title = {{Theory for the User}},
	year = {1987}}

@article{schmid2010dynamic,
	author = {Schmid, Peter},
	journal = {{Journal of Fluid Mechanics}},
	pages = {5--28},
	publisher = {Cambridge University Press},
	title = {{``Dynamic Mode Decomposition of Numerical and Experimental Data''}},
	volume = {656},
	year = {2010}}

@article{schmid2011applications,
	author = {Schmid, Peter and Li, Larry and Juniper, Matthew and Pust, Oliver},
	date-modified = {2023-01-07 18:03:34 -0500},
	journal = {{Theoretical and Computational Fluid Dynamics}},
	number = {1},
	pages = {249--259},
	publisher = {Springer},
	title = {{``Applications of the Dynamic Mode Decomposition''}},
	volume = {25},
	year = {2011}}

@article{proctor2016dmdc,
	author = {Proctor, Joshua and Brunton, Steven and Kutz, Jos{\'e} Nathan},
	journal = {{SIAM Journal on Applied Dynamical Systems}},
	number = {1},
	pages = {142--161},
	publisher = {SIAM},
	title = {{``Dynamic Mode Decomposition with Control''}},
	volume = {15},
	year = {2016}}

@article{lu2020characterizing,
	author = {Lu, Qiugang and Shin, Sungho and Zavala, Victor},
	date-modified = {2023-01-07 18:03:54 -0500},
	journal = {{IFAC-PapersOnLine}},
	number = {2},
	pages = {11289--11294},
	publisher = {Elsevier},
	title = {{``Characterizing the Predictive Accuracy of Dynamic Mode Decomposition for Data-Driven Control''}},
	volume = {53},
	year = {2020}}

@article{zhang2019online,
	author = {Zhang, Hao and Rowley, Clarence and Deem, Eric and Cattafesta, Louis},
	date-modified = {2023-01-07 18:06:41 -0500},
	journal = {{SIAM Journal on Applied Dynamical Systems}},
	number = {3},
	pages = {1586--1609},
	publisher = {SIAM},
	title = {{``Online Dynamic Mode Decomposition for Time-Varying Systems''}},
	volume = {18},
	year = {2019}}

@inproceedings{jedra2019sample,
	author = {Jedra, Yassir and Proutiere, Alexandre},
	booktitle = {{2019 IEEE 58th Conference on Decision and Control (CDC)}},
	date-modified = {2023-01-07 18:07:12 -0500},
	organization = {IEEE},
	pages = {2676--2681},
	title = {{``Sample Complexity Lower Bounds for Linear System Identification''}},
	year = {2019}}

@article{leyang2012properties,
	author = {Leyang, Wang},
	date-modified = {2023-01-07 18:06:57 -0500},
	journal = {{Geodesy and Geodynamics}},
	number = {4},
	pages = {39--46},
	publisher = {Elsevier},
	title = {{``Properties of the Total Least Squares Estimation''}},
	volume = {3},
	year = {2012}}

@article{ho1966effective,
	author = {HO, BL and K{\'a}lm{\'a}n, Rudolf E},
	date-modified = {2023-01-07 18:04:51 -0500},
	journal = {{at-Automatisierungstechnik}},
	number = {1-12},
	pages = {545--548},
	publisher = {OLDENBOURG WISSENSCHAFTSVERLAG},
	title = {{``Effective Construction of Linear State-Variable Models from Input/Output Functions''}},
	volume = {14},
	year = {1966}}

@article{juang1985eigensystem,
	author = {Juang, Jer-Nan and Pappa, Richard},
	date-modified = {2023-01-07 18:03:14 -0500},
	journal = {{Journal of Guidance, Control, and Dynamics}},
	number = {5},
	pages = {620--627},
	title = {{``An Eigensystem Realization Algorithm for Modal Parameter Identification and Model Reduction''}},
	volume = {8},
	year = {1985}}

@article{sturm1999using,
	author = {Sturm, Jos},
	journal = {{Optimization Methods and Software}},
	number = {1-4},
	pages = {625--653},
	publisher = {Taylor \& Francis},
	title = {{``Using SeDuMi 1.02, a MATLAB Toolbox for Optimization over Symmetric Cones''}},
	volume = {11},
	year = {1999}}

@misc{grant2014cvx,
  author       = {Michael Grant and Stephen Boyd},
  title        = {{CVX}: Matlab Software for Disciplined Convex Programming, version 2.1},
  howpublished = {\url{http://cvxr.com/cvx}},
  month        = mar,
  year         = 2014
}

@article{umenberger2022globally,
	author = {Umenberger, Jack and Simchowitz, Max and Perdomo, Juan and Zhang, Kaiqing and Tedrake, Russ},
	date-modified = {2023-01-07 18:06:02 -0500},
	journal = {arXiv preprint arXiv:2202.11659},
	title = {{``Globally Convergent Policy Search Over Dynamic Filters for Output Estimation''}},
	year = {2022}}

@article{zheng2022escaping,
	author = {Zheng, Yang and Sun, Yue and Fazel, Maryam and Li, Na},
	journal = {arXiv preprint arXiv:2204.00912},
	title = {{``Escaping High-order Saddles in Policy Optimization for Linear Quadratic Gaussian (LQG) Control''}},
	year = {2022}}

@article{de2019formulas,
	author = {De Persis, Claudio and Tesi, Pietro},
	date-modified = {2023-01-07 18:05:09 -0500},
	journal = {{IEEE Transactions on Automatic Control}},
	number = {3},
	pages = {909--924},
	publisher = {IEEE},
	title = {{``Formulas for Data-Driven Control: Stabilization, Optimality, and Robustness''}},
	volume = {65},
	year = {2019}}

@inproceedings{berberich2020robust,
	author = {Berberich, Julian and Koch, Anne and Scherer, Carsten and Allg{\"o}wer, Frank},
	booktitle = {{2020 American Control Conference (ACC)}},
	organization = {IEEE},
	pages = {1532--1538},
	title = {{``Robust Data-Driven State-Feedback Design''}},
	year = {2020}}

@article{berberich2022combining,
	author = {Berberich, Julian and Scherer, Carsten W and Allg{\"o}wer, Frank},
	date-modified = {2023-01-07 18:04:28 -0500},
	journal = {{IEEE Transactions on Automatic Control}},
	publisher = {IEEE},
	title = {{``Combining Prior Knowledge and Data for Robust Controller Design''}},
	year = {2022}}

@article{van2020noisy,
	author = {van Waarde, Henk and Camlibel, M Kanat and Mesbahi, Mehran},
	date-modified = {2023-01-07 18:05:42 -0500},
	journal = {{IEEE Transactions on Automatic Control}},
	publisher = {IEEE},
	title = {{``From Noisy Data to Feedback Controllers: Non-Conservative Design via a Matrix S-Lemma''}},
	year = {2020}}
