%% This BibTeX bibliography file was created using BibDesk.
%% https://bibdesk.sourceforge.io/

%% Created for Josiah at 2023-01-07 18:01:48 -0500 


%% Saved with string encoding Unicode (UTF-8) 

@book{underactuated,
	author = {Tedrake, Russ},
	howpublished = {Course Notes for MIT 6.832},
	subtitle = {Algorithms for Walking, Running, Swimming, Flying, and Manipulation},
	title = {{Underactuated Robotics}},
	url = {http://underactuated.mit.edu},
	year = 2022,
	bdsk-url-1 = {http://underactuated.mit.edu}}

@book{sciavicco2001modelling,
	author = {Sciavicco, Lorenzo and Siciliano, Bruno},
	date-modified = {2023-01-07 18:01:36 -0500},
	publisher = {Springer Science \& Business Media},
	title = {{Modeling and Control of Robot Manipulators}},
	year = {2001}}

@book{spong2008robot,
	author = {Spong, Mark W and Vidyasagar, Mathukumalli},
	date-modified = {2023-01-07 18:01:44 -0500},
	publisher = {John Wiley \& Sons},
	title = {{Robot Dynamics and Control}},
	year = {2008}}
