%% This BibTeX bibliography file was created using BibDesk.
%% https://bibdesk.sourceforge.io/

%% Created for Josiah at 2023-01-07 17:54:36 -0500 


%% Saved with string encoding Unicode (UTF-8) 

@article{soyster1973convex,
	author = {Soyster, Allen},
	date-modified = {2023-01-07 17:52:04 -0500},
	journal = {{Operations Research}},
	number = {5},
	pages = {1154--1157},
	publisher = {INFORMS},
	title = {{``Convex Programming With Set-Inclusive Constraints and Applications to Inexact Linear Programming''}},
	volume = {21},
	year = {1973}}

@article{ben1999robust,
	author = {Ben-Tal, Aharon and Nemirovski, Arkadi},
	date-modified = {2023-01-07 17:53:06 -0500},
	journal = {{Operations Research Letters}},
	number = {1},
	pages = {1--13},
	publisher = {Elsevier},
	title = {{``Robust Solutions of Uncertain Linear Programs''}},
	volume = {25},
	year = {1999}}

@book{ben2001lectures,
	author = {Ben-Tal, Aharon and Nemirovski, Arkadi},
	publisher = {SIAM},
	title = {{Lectures on Modern Convex Optimization: Analysis, Algorithms, and Engineering Applications}},
	year = {2001}}

@article{ben2002robust,
	author = {Ben-Tal, Aharon and Nemirovski, Arkadi},
	date-modified = {2023-01-07 17:52:52 -0500},
	journal = {{Mathematical programming}},
	number = {3},
	pages = {453--480},
	publisher = {Springer},
	title = {{``Robust Optimization -- Methodology and Applications''}},
	volume = {92},
	year = {2002}}

@InProceedings{chaerani2006modeling,
    author= {Chaerani, Diah and Roos, Cornelis},
    editor={Waldmann, Karl-Heinz
    and Stocker, Ulrike M.},
    title={{Modelling Some Robust Design Problems via Conic Optimization}},
    booktitle={{Operations Research Proceedings 2006}},
    year="2007",
    publisher="Springer Berlin Heidelberg",
    address="Berlin, Heidelberg",
    pages="209--214",
    isbn="978-3-540-69995-8"}

@article{ei1997robust,
	author = {EI-Ghaoui, Laurent and Lebret, Herv{\'e}},
	date-modified = {2023-01-07 17:53:24 -0500},
	journal = {{SIAM Journal on Matrix Analysis and Applications}},
	pages = {1035--1064},
	title = {{``Robust Solutions to Least-Square Problems to Uncertain Data Matrices''}},
	volume = {18},
	year = {1997}}

@article{el1998robust,
	author = {El Ghaoui, Laurent and Oustry, Francois and Lebret, Herv{\'e}},
	date-modified = {2023-01-07 17:53:41 -0500},
	journal = {{SIAM Journal on Optimization}},
	number = {1},
	pages = {33--52},
	publisher = {SIAM},
	title = {{``Robust Solutions to Uncertain Semidefinite Programs''}},
	volume = {9},
	year = {1998}}

@article{bertsimas2004price,
	author = {Bertsimas, Dimitris and Sim, Melvyn},
	date-modified = {2023-01-07 17:53:56 -0500},
	journal = {{Operations Research}},
	number = {1},
	pages = {35--53},
	publisher = {Informs},
	title = {{``The Price of Robustness''}},
	volume = {52},
	year = {2004}}

@article{bertsimas2003robust,
	author = {Bertsimas, Dimitris and Sim, Melvyn},
	date-modified = {2023-01-07 17:52:38 -0500},
	journal = {{Mathematical programming}},
	number = {1},
	pages = {49--71},
	publisher = {Springer},
	title = {{``Robust Discrete Optimization and Network Flows''}},
	volume = {98},
	year = {2003}}

@inproceedings{joelianto5417249,
	author = {Joelianto, Endra and Rismayasari, Dwita and Chaerani, Diah},
	booktitle = {{International Conference on Instrumentation, Communication, Information Technology, and Biomedical Engineering 2009}},
	date-modified = {2023-01-07 17:54:18 -0500},
	doi = {10.1109/ICICI-BME.2009.5417249},
	pages = {1-5},
	title = {{``The Robust Optimization-Based Model Predictive Control using Box Uncertainty Set''}},
	year = {2009}}

@article{caverly2019lmi,
	author = {Caverly, Ryan and Forbes, James},
	journal = {arXiv preprint arXiv:1903.08599},
	title = {{``LMI Properties and Applications in Systems, Stability, and Control Theory''}},
	year = {2019}}

@article{boyd1990linear,
	author = {Boyd, Stephen and Baratt, Craig and Norman, Stephen},
	journal = {{Proceedings of the IEEE}},
	number = {3},
	pages = {529--574},
	publisher = {IEEE},
	title = {{``Linear Controller Design: Limits of Performance via Convex Optimization''}},
	volume = {78},
	year = {1990}}

@inproceedings{balakrishnan1995connections,
	author = {Balakrishnan, Venkataramanan and Vandenberghe, Lieven},
	booktitle = {{Proceedings of 1995 American Control Conference-ACC'95}},
	organization = {IEEE},
	pages = {4030--4034},
	title = {{``Connections Between Duality in Control Theory and Convex Optimization''}},
	volume = {6},
	year = {1995}}

@article{liu2017survey,
	author = {Liu, Xinfu and Lu, Ping and Pan, Binfeng},
	journal = {{Astrodynamics}},
	number = {1},
	pages = {23--40},
	publisher = {Springer},
	title = {{``Survey of Convex Optimization for Aerospace Applications''}},
	volume = {1},
	year = {2017}}

@book{boyd1994linear,
	author = {Boyd, Stephen and El Ghaoui, Laurent and Feron, Eric and Balakrishnan, Venkataramanan},
	publisher = {SIAM},
	title = {{Linear Matrix Inequalities in System and Control Theory}},
	year = {1994}}

@incollection{grant2008graph,
	author = {Grant, Michael and Boyd, Stephen},
	booktitle = {{Recent Advances in Learning and Control}},
	pages = {95--110},
	publisher = {Springer},
	title = {{Graph Implementations for Nonsmooth Convex Programs}},
	year = {2008}}

@misc{grant2008cvx,
	author = {Grant, Michael and Boyd, Stephen and Ye, Yinyu},
	title = {{``CVX: MATLAB Software for Disciplined Convex Programming''}},
	year = {2008}}

@article{toh1999sdpt3,
	author = {Toh, Kim-Chuan and Todd, Michael and T{\"u}t{\"u}nc{\"u}, Reha},
	journal = {{Optimization Methods and Software}},
	number = {1-4},
	pages = {545--581},
	publisher = {Taylor \& Francis},
	title = {{``SDPT3: A MATLAB Software Package for Semidefinite Programming, Version 1.3''}},
	volume = {11},
	year = {1999}}

@article{tutuncu2001sdpt3,
	author = {T{\"u}t{\"u}nc{\"u}, Reha and Toh, Kim-Chuan and Todd, Michael},
	journal = {Web page http://www. math. nus. edu. sg/mattohkc/sdpt3. html},
	title = {{``SDPT3: A MATLAB Software Package for Semidefinite-Quadratic-Linear Programming, Version 3.0''}},
	year = {2001}}

@incollection{bernstein2009matrix,
  title={{Matrix Mathematics}},
  author={Bernstein, Dennis},
  booktitle={Matrix Mathematics},
  year={2009},
  publisher={{Princeton University Press}}
}

@inproceedings{feron1992numerical,
	author = {Feron, Eric and Balakrishnan, Venkataramanan and Boyd, Stephen and El Ghaoui, Laurent},
	booktitle = {{1992 American Control Conference (ACC)}},
	organization = {IEEE},
	pages = {2921--2922},
	title = {{``Numerical Methods for $\mathcal{H}_{2}$ Related Problems''}},
	year = {1992}}

@book{chen2012optimal,
	author = {Chen, Tongwen and Francis, Bruce},
	publisher = {{Springer Science \& Business Media}},
	title = {{``Optimal Sampled-Data Control Systems''}},
	year = {2012}}
